/home/linus/Dropbox/uni-files/honours/bibtex/library.bib